<record><leader>00000cas a22000007a 4500</leader><controlfield tag="001">22327925</controlfield><controlfield tag="008">900904d19231942nyuwr ne      0    0eng d</controlfield><datafield ind1=" " ind2=" " tag="010"><subfield code="a">sn 90066298 </subfield></datafield><datafield ind1=" " ind2=" " tag="040"><subfield code="a">NYS</subfield><subfield code="b">eng</subfield><subfield code="c">NYS</subfield><subfield code="d">OCLCQ</subfield></datafield><datafield ind1=" " ind2=" " tag="042"><subfield code="a">msc</subfield></datafield><datafield ind1="0" ind2=" " tag="130"><subfield code="a">Monticello bulletin (Monticello, N.Y.)</subfield></datafield><datafield ind1="1" ind2="0" tag="245"><subfield code="a">Monticello bulletin.</subfield></datafield><datafield ind1=" " ind2=" " tag="260"><subfield code="a">Monticello, N.Y. :</subfield><subfield code="b">John V. Taylor,</subfield><subfield code="c">-1942.</subfield></datafield><datafield ind1=" " ind2=" " tag="300"><subfield code="a">v.</subfield></datafield><datafield ind1=" " ind2=" " tag="310"><subfield code="a">Weekly</subfield></datafield><datafield ind1="1" ind2=" " tag="362"><subfield code="a">Began July 23, 1923?</subfield></datafield><datafield ind1="0" ind2=" " tag="362"><subfield code="a">-19th year, no. 26 (Dec. 22, 1942).</subfield></datafield><datafield ind1=" " ind2=" " tag="588"><subfield code="a">Description based on: Vol. 2, no. 2 (July 29, 1924).</subfield></datafield><datafield ind1=" " ind2="4" tag="651"><subfield code="a">Monticello (N.Y.)</subfield><subfield code="v">Newspapers.</subfield></datafield><datafield ind1=" " ind2=" " tag="752"><subfield code="a">United States</subfield><subfield code="b">New York</subfield><subfield code="c">Sullivan</subfield><subfield code="d">Monticello.</subfield></datafield><datafield ind1="0" ind2="7" tag="785"><subfield code="t">Sentinel (Hurleyville, N.Y.)</subfield><subfield code="w">(DLC)sn 90066297</subfield><subfield code="w">(OCoLC)22327999</subfield></datafield><datafield ind1="0" ind2="7" tag="785"><subfield code="t">Bulletin-sentinel</subfield><subfield code="w">(DLC)sn 90066299</subfield><subfield code="w">(OCoLC)22328067</subfield></datafield></record>